@book{knoll2010radiation,
  title={Radiation Detection and Measurement},
  author={Knoll, Glenn F},
  year={2010},
  publisher={John Wiley \& Sons}
}

@misc{chu_ekstrom_firestone_1999,
  title={Decay Data Search},
  url={http://nucleardata.nuclear.lu.se/toi/},
  journal={The Lund/LBNL Nuclear Data Search Ver. 2.0},
  author={Chu, S and Ekstrom, L and Firestone, R},
  year={1999},
  month={Feb}
}
